<?xml version="1.0" encoding="UTF-8"?><collection xmlns="http://www.loc.gov/MARC21/slim"><record><leader>00725nam--2200193-i-4500</leader><controlfield tag="001">000043881</controlfield><controlfield tag="002">20161230</controlfield><controlfield tag="005">20170123180217</controlfield><controlfield tag="008">060222s1000------------r-----000-0-eng-d</controlfield><datafield ind1=" " ind2=" " tag="020"><subfield code="a">2863320157</subfield></datafield><datafield ind1=" " ind2=" " tag="040"><subfield code="a">IFIN-HH</subfield></datafield><datafield ind1="1" ind2=" " tag="100"><subfield code="a">Audouze, Jean</subfield></datafield><datafield ind1="1" ind2="0" tag="245"><subfield code="a">The birth of the universe, la naissance de l'univers</subfield><subfield code="b">Proceedings of the seventeenth rencontre de moriond astrophysics meeting les Arcs-Savoie (France) March 14-26, 1982</subfield><subfield code="c">J. Audouze, J.Tran Thanh Van (eds.)</subfield></datafield><datafield ind1=" " ind2=" " tag="260"><subfield code="a">Gif-sur-yvette, France</subfield><subfield code="b">Singapore National Printers (Pte) Ltd. Editions Frontieres</subfield><subfield code="c">1982</subfield></datafield><datafield ind1=" " ind2=" " tag="300"><subfield code="a">395 p</subfield></datafield><datafield ind1=" " ind2=" " tag="490"><subfield code="a">Moriond Proceedings</subfield></datafield><datafield ind1="1" ind2=" " tag="700"><subfield code="a">Tran, Jean Thanh Van</subfield><subfield code="e">ed</subfield></datafield><datafield ind1=" " ind2=" " tag="852"><subfield code="a">45672</subfield><subfield code="c">539.12</subfield></datafield><datafield ind1=" " ind2=" " tag="CAT"><subfield code="a">SYS</subfield><subfield code="c">20170123</subfield><subfield code="h">180217</subfield></datafield></record></collection>